<record xmlns="http://www.loc.gov/MARC21/slim" xmlns:xsi="http://www.w3.org/2001/XMLSchema-instance" xsi:schemaLocation="http://www.loc.gov/MARC21/slim http://www.loc.gov/standards/marcxml/schema/MARC21slim.xsd"><leader>00000cz   2200000n  4500</leader><controlfield tag="001">oca00292681 </controlfield><controlfield tag="005">20040524080250.0</controlfield><controlfield tag="008">790628n| acannaab           |a aaa      </controlfield><datafield ind1=" " ind2=" " tag="010"><subfield code="a">n  79059644 </subfield></datafield><datafield ind1=" " ind2=" " tag="040"><subfield code="a">DLC</subfield><subfield code="c">DLC</subfield><subfield code="d">DLC</subfield><subfield code="d">WU</subfield><subfield code="d">DLC</subfield></datafield><datafield ind1="0" ind2=" " tag="100"><subfield code="a">Galen</subfield></datafield><datafield ind1="0" ind2=" " tag="400"><subfield code="a">Galenus</subfield><subfield code="w">nna</subfield></datafield><datafield ind1="1" ind2=" " tag="400"><subfield code="a">Galen, Claudius</subfield></datafield><datafield ind1="1" ind2=" " tag="400"><subfield code="a">Galenus, Claudius</subfield></datafield><datafield ind1="0" ind2=" " tag="400"><subfield code="a">Galen,</subfield><subfield code="c">of Pergamon</subfield></datafield><datafield ind1="0" ind2=" " tag="400"><subfield code="a">Galénos</subfield></datafield><datafield ind1="0" ind2=" " tag="400"><subfield code="a">Galeno</subfield></datafield><datafield ind1="1" ind2=" " tag="400"><subfield code="a">Galen, Klavdiĭ</subfield></datafield><datafield ind1="0" ind2=" " tag="400"><subfield code="a">Galinus</subfield></datafield><datafield ind1="0" ind2=" " tag="400"><subfield code="a">Galiʾenus</subfield></datafield><datafield ind1="0" ind2=" " tag="400"><subfield code="a">Galiʾeno</subfield></datafield><datafield ind1="0" ind2=" " tag="400"><subfield code="a">Galiʾenu</subfield></datafield><datafield ind1="0" ind2=" " tag="400"><subfield code="a">Galien,</subfield><subfield code="c">de Pergame</subfield></datafield><datafield ind1="0" ind2=" " tag="400"><subfield code="a">Galeno, Claudio</subfield></datafield><datafield ind1=" " ind2=" " tag="670"><subfield code="a">His Galen's commentary on the Hippocratic treatise, Airs, waters, places, 1982:</subfield><subfield code="b">t.p. (Galen) p. 10 (Galinus; Galiʾenus; Galiʾeno)</subfield></datafield><datafield ind1=" " ind2=" " tag="670"><subfield code="a">His Souvenirs d'un médecin, 1985:</subfield><subfield code="b">t.p. (Galien de Pergame) p. 33-34 (b. Aug. or Sept. 129; d. ca. 200)</subfield></datafield><datafield ind1=" " ind2=" " tag="670"><subfield code="a">Il medico dell'imperatore, c2004:</subfield><subfield code="b">t.p. (Claudio Galeno)</subfield></datafield><datafield ind1=" " ind2=" " tag="999"><subfield code="a">913073.6484</subfield></datafield></record>